<?xml version="1.0" encoding="UTF-8"?><record xmlns="http://www.loc.gov/MARC21/slim" xmlns:cinclude="http://apache.org/cocoon/include/1.0" xmlns:zs="http://www.loc.gov/zing/srw/">
  <leader>00347nz  a2200133n  4500</leader>
  <controlfield tag="001">no2001038231</controlfield>
  <controlfield tag="003">DLC</controlfield>
  <controlfield tag="005">20010512071041.0</controlfield>
  <controlfield tag="008">010511n| acannaabn          |n aaa     c</controlfield>
  <datafield tag="010" ind1=" " ind2=" ">
    <subfield code="a">no2001038231</subfield>
  </datafield>
  <datafield tag="035" ind1=" " ind2=" ">
    <subfield code="a">(OCoLC)oca05486044</subfield>
  </datafield>
  <datafield tag="040" ind1=" " ind2=" ">
    <subfield code="a">FU</subfield>
    <subfield code="b">eng</subfield>
    <subfield code="c">FU</subfield>
  </datafield>
  <datafield tag="100" ind1="1" ind2=" ">
    <subfield code="a">Juncosa, Ma. Dolors</subfield>
  </datafield>
  <datafield tag="670" ind1=" " ind2=" ">
    <subfield code="a">Llengua catalana II, 1998:</subfield>
    <subfield code="b">t.p. (Ma. Dolors Juncosa)</subfield>
  </datafield>
</record>